@misc{sentiment_vader,
title={Simple Sentiment Analysis for NLP Beginners and Everyone Else using VADER and TextBlob},
url={https://medium.com/swlh/simple-sentiment-analysis-for-nlp-beginners-and-everyone-else-using-vader-and-textblob-728da3dbe33d},
journal={Medium},
author={Kleppen, Eric},
year=2020,
}

@article{roder_2015,
title={Exploring the Space of Topic Coherence Measures},
DOI={10.1145/2684822.2685324},
journal={WSDM},
author={Röder, Michael and Both, Andreas and Hinneburg, Alexander},
year=2015,
pages={399–408}
}

@misc{sentiment_vader,
title={Simple Sentiment Analysis for NLP Beginners and Everyone Else using VADER and TextBlob},
url={https://365datascience.com/pca-k-means/},
journal={Medium},
author={Kleppen, Eric},
year={2020},
}

@misc{degrave_2016,
title={A Naive Bayes Tweet Classifier},
url={https://www.kaggle.com/degravek/a-naive-bayes-tweet-classifier},
journal={Kaggle},
author={DeGrave, Kyle},
year={2016},
}

@article{roder_2015,
title={Exploring the Space of Topic Coherence Measures},
author={Röder, Michael and Both, Andreas and Hinneburg, Alexander},
year={2015},
DOI={10.1145/2684822.2685324},
pages={399–408},
series={WSDM '15},
}

@article{go_2009,
title={Twitter Sentiment Classification using Distant Supervision},
author={Go, Alec and Bhayani, Richa and Huang, Le},
year=2009,
month=01,
volume=150,
journal={Processing}
}